@article{drolet2011translational,
  title={Translational research: understanding the continuum from bench to bedside},
  author={Drolet, Brian C and Lorenzi, Nancy M},
  journal={Translational Research},
  volume={157},
  number={1},
  pages={1--5},
  year={2011},
  publisher={Elsevier}
}
@article{nestler2010animal,
  title={Animal models of neuropsychiatric disorders},
  author={Nestler, Eric J and Hyman, Steven E},
  journal={Nature neuroscience},
  volume={13},
  number={10},
  pages={1161},
  year={2010},
  publisher={NIH Public Access}
}
@article{stewart2015developing,
  title={Developing better and more valid animal models of brain disorders},
  author={Stewart, Adam Michael and Kalueff, Allan V},
  journal={Behavioural brain research},
  volume={276},
  pages={28--31},
  year={2015},
  publisher={Elsevier}
}
@article{juszczak2008computer,
  title={Computer assisted video analysis of swimming performance in a forced swim test: simultaneous assessment of duration of immobility and swimming style in mice selected for high and low swim-stress induced analgesia},
  author={Juszczak, Grzegorz R and Lisowski, Pawe{\l} and {\'S}liwa, Adam T and Swiergiel, Artur H},
  journal={Physiology \& behavior},
  volume={95},
  number={3},
  pages={400--407},
  year={2008},
  publisher={Elsevier}
}
@article{magnusson2000discovering,
  title={Discovering hidden time patterns in behavior: T-patterns and their detection},
  author={Magnusson, Magnus S},
  journal={Behavior Research Methods},
  volume={32},
  number={1},
  pages={93--110},
  year={2000},
  publisher={Springer}
}
@article{szechtman2001compulsive,
  title={Compulsive checking behavior of quinpirole-sensitized rats as an animal model of Obsessive-Compulsive Disorder (OCD): form and control},
  author={Szechtman, Henry and Eckert, Michael J and Wai, S Tse and Boersma, Jonathan T and Bonura, Carlo A and McClelland, Jessica Z and Culver, Kirsten E and Eilam, David},
  journal={BMC neuroscience},
  volume={2},
  number={1},
  pages={4},
  year={2001},
  publisher={BioMed Central}
}@article{sesia2013evaluation,
  title={Evaluation of animal models of obsessive-compulsive disorder: correlation with phasic dopamine neuron activity},
  author={Sesia, Thibaut and Bizup, Brandon and Grace, Anthony A},
  journal={International Journal of Neuropsychopharmacology},
  volume={16},
  number={6},
  pages={1295--1307},
  year={2013},
  publisher={The Oxford University Press}
}
@article{shmelkov2010slitrk5,
  title={Slitrk5 deficiency impairs corticostriatal circuitry and leads to obsessive-compulsive-like behaviors in mice},
  author={Shmelkov, Sergey V and Hormigo, Ad{\'\i}lia and Jing, Deqiang and Proenca, Catia C and Bath, Kevin G and Milde, Till and Shmelkov, Evgeny and Kushner, Jared S and Baljevic, Muhamed and Dincheva, Iva and others},
  journal={Nature medicine},
  volume={16},
  number={5},
  pages={598--602},
  year={2010},
  publisher={Nature Research}
}
@article{machado2012tracking,
  title={Tracking the impact of translational research in psychiatry: state of the art and perspectives},
  author={Machado-Vieira, Rodrigo},
  journal={Journal of translational medicine},
  volume={10},
  number={1},
  pages={175},
  year={2012},
  publisher={BioMed Central}
}
@article{prut2003open,
  title={The open field as a paradigm to measure the effects of drugs on anxiety-like behaviors: a review},
  author={Prut, Laetitia and Belzung, Catherine},
  journal={European journal of pharmacology},
  volume={463},
  number={1},
  pages={3--33},
  year={2003},
  publisher={Elsevier}
}
@article{delcourt2006comparing,
  title={Comparing the {EthoVision} 2.3 system and a new computerized multitracking prototype system to measure the swimming behavior in fry fish},
  author={Delcourt, Johann and Beco, Christophe and Ylieff, Marc Y and Caps, Herv{\'e} and Vandewalle, Nicolas and Poncin, Pascal},
  journal={Behavior Research Methods},
  volume={38},
  number={4},
  pages={704--710},
  year={2006},
  publisher={Springer}
}
@article{gould2009open,
  title={The open field test},
  author={Gould, Todd D and Dao, David T and Kovacsics, Colleen E},
  journal={Mood and anxiety related phenotypes in mice: Characterization using behavioral tests},
  pages={1--20},
  year={2009},
  publisher={Springer}
}
@article{heiderstadt2000effect,
  title={The effect of chronic food and water restriction on open-field behaviour and serum corticosterone levels in rats},
  author={Heiderstadt, KM and McLaughlin, RM and Wrighe, DC and Walker, SE and Gomez-Sanchez, CE},
  journal={Laboratory animals},
  volume={34},
  number={1},
  pages={20--28},
  year={2000},
  publisher={SAGE Publications Sage UK: London, England}
}
@article{noldus2001ethovision,
  title={EthoVision: a versatile video tracking system for automation of behavioral experiments},
  author={Noldus, Lucas PJJ and Spink, Andrew J and Tegelenbosch, Ruud AJ},
  journal={Behavior Research Methods},
  volume={33},
  number={3},
  pages={398--414},
  year={2001},
  publisher={Springer}
}
@online{noldus,
  author = {{Noldus IT}},
  title = {How to find an animal model for obsessive-compulsive disorder},
  year = 2012,
  url = {http://www.noldus.com/blog/how-to-find-an-animal-model-for-obsessive-compulsive-disorder},
  urldate = {2017-06-20}
}
@online{koide,
  author = {Koide, T and Takahashi, A},
  title = {Temporal recording of open field behavior in 12 inbred strains of mice, mostly wild-derived (Mishima) strains},
  year = 2006,
  url = {http://phenome.jax.org/projects/Koide3/Protocol},
  urldate = {2017-06-20}
}
@unpublished{proposal,
	Author = {Glennon, J and Kapusta, K},
	Note = {bachelor thesis project proposal},
	Title = {Developing new methodology and software for quantifying behavioural patterns in rodents},
	Year = 2017,
}
@article{salah2010t,
  title={T-patterns revisited: mining for temporal patterns in sensor data},
  author={Salah, Albert Ali and Pauwels, Eric and Tavenard, Romain and Gevers, Theo},
  journal={Sensors},
  volume={10},
  number={8},
  pages={7496--7513},
  year={2010},
  publisher={Molecular Diversity Preservation International}
}
@article{casarrubea2015t,
  title={T-pattern analysis for the study of temporal structure of animal and human behavior: a comprehensive review},
  author={Casarrubea, M and Jonsson, GK and Faulisi, F and Sorbera, F and Di Giovanni, G and Benigno, A and Crescimanno, G and Magnusson, MS},
  journal={Journal of neuroscience methods},
  volume={239},
  pages={34--46},
  year={2015},
  publisher={Elsevier}
}
@article{stein2002obsessive,
  title={Obsessive-compulsive disorder},
  author={Stein, Dan J},
  journal={The Lancet},
  volume={360},
  number={9330},
  pages={397--405},
  year={2002},
  publisher={Elsevier}
}
@article{szechtman1998quinpirole,
  title={Quinpirole induces compulsive checking behavior in rats: a potential animal model of obsessive-compulsive disorder (OCD).},
  author={Szechtman, Henry and Sulis, William and Eilam, David},
  journal={Behavioral neuroscience},
  volume={112},
  number={6},
  pages={1475},
  year={1998},
  publisher={American Psychological Association}
}
@article{grados2015selective,
  title={A selective review of glutamate pharmacological therapy in obsessive--compulsive and related disorders},
  author={Grados, Marco A and Atkins, Elizabeth B and Kovacikova, Gabriela I and McVicar, Erin},
  journal={Psychology research and behavior management},
  volume={8},
  pages={115},
  year={2015},
  publisher={Dove Press}
}
@mastersthesis{jesse,
  type =         "Bachelor Thesis",
  author =       "Jesse Zwamborn",
  title =        "Feature validation in behavioural data",
  school =       "Radboud University, Nijmegen",
  year =         2017
}
@misc{scipypearson,
  author =    {Eric Jones and Travis Oliphant and Pearu Peterson and others},
  title =     {{SciPy}: Open source scientific tools for {Python}, Pearson's $r$ and incomplete beta function implementation},
  year =      {2001--},
  url = "https://github.com/scipy/scipy/blob/v0.19.0/scipy/stats/stats.py#L2975-L3033"
}
@article{ojala2010permutation,
  title={Permutation tests for studying classifier performance},
  author={Ojala, Markus and Garriga, Gemma C},
  journal={Journal of Machine Learning Research},
  volume={11},
  number={Jun},
  pages={1833--1863},
  year={2010}
}
@inproceedings{fawzi2016adaptive,
  title={Adaptive data augmentation for image classification},
  author={Fawzi, Alhussein and Samulowitz, Horst and Turaga, Deepak and Frossard, Pascal},
  booktitle={Image Processing (ICIP), 2016 IEEE International Conference on},
  pages={3688--3692},
  year={2016},
  organization={Ieee}
}
@inproceedings{lonardi2002finding,
  title={Finding motifs in time series},
  author={Lonardi, JLEKS and Patel, Pranav},
  booktitle={Proc. of the 2nd Workshop on Temporal Data Mining},
  pages={53--68},
  year={2002}
}
@inproceedings{li2010approximate,
  title={Approximate variable-length time series motif discovery using grammar inference},
  author={Li, Yuan and Lin, Jessica},
  booktitle={Proceedings of the Tenth International Workshop on Multimedia Data Mining},
  pages={10},
  year={2010},
  organization={ACM}
}
@inproceedings{lin2003symbolic,
  title={A symbolic representation of time series, with implications for streaming algorithms},
  author={Lin, Jessica and Keogh, Eamonn and Lonardi, Stefano and Chiu, Bill},
  booktitle={Proceedings of the 8th ACM SIGMOD workshop on Research issues in data mining and knowledge discovery},
  pages={2--11},
  year={2003},
  organization={ACM}
}
@article{nevill1997identifying,
  title={Identifying hierarchical structure in sequences: A linear-time algorithm},
  author={Nevill-Manning, Craig G and Witten, Ian H},
  journal={Journal of Artificial Intelligence Research},
  volume={7},
  pages={67--82},
  year={1997}
}
@article{murphy2006naive,
  title={Naive bayes classifiers},
  author={Murphy, Kevin P},
  journal={University of British Columbia},
  year={2006}
}
@article{safavian1991survey,
  title={A survey of decision tree classifier methodology},
  author={Safavian, S Rasoul and Landgrebe, David},
  journal={IEEE transactions on systems, man, and cybernetics},
  volume={21},
  number={3},
  pages={660--674},
  year={1991},
  publisher={IEEE}
}
@article{gardner1998artificial,
  title={Artificial neural networks (the multilayer perceptron)—a review of applications in the atmospheric sciences},
  author={Gardner, Matt W and Dorling, SR},
  journal={Atmospheric environment},
  volume={32},
  number={14},
  pages={2627--2636},
  year={1998},
  publisher={Elsevier}
}
@article{altman1992introduction,
  title={An introduction to kernel and nearest-neighbor nonparametric regression},
  author={Altman, Naomi S},
  journal={The American Statistician},
  volume={46},
  number={3},
  pages={175--185},
  year={1992},
  publisher={Taylor \& Francis}
}
@article{scikit-learn,
 title={Scikit-learn: Machine Learning in {P}ython},
 author={Pedregosa, F. and Varoquaux, G. and Gramfort, A. and Michel, V.
         and Thirion, B. and Grisel, O. and Blondel, M. and Prettenhofer, P.
         and Weiss, R. and Dubourg, V. and Vanderplas, J. and Passos, A. and
         Cournapeau, D. and Brucher, M. and Perrot, M. and Duchesnay, E.},
 journal={Journal of Machine Learning Research},
 volume={12},
 pages={2825--2830},
 year={2011}
}
@inproceedings{ho1995random,
  title={Random decision forests},
  author={Ho, Tin Kam},
  booktitle={Document Analysis and Recognition, 1995., Proceedings of the Third International Conference on},
  volume={1},
  pages={278--282},
  year={1995},
  organization={IEEE}
}
@misc{van2013macro,
  title={Macro-and micro-averaged evaluation measures [[basic draft]]},
  author={Van Asch, Vincent},
  year={2013},
  publisher={September}
}
@article{diamantidis2000unsupervised,
  title={Unsupervised stratification of cross-validation for accuracy estimation},
  author={Diamantidis, NA and Karlis, D and Giakoumakis, Emmanouel A},
  journal={Artificial Intelligence},
  volume={116},
  number={1-2},
  pages={1--16},
  year={2000},
  publisher={Elsevier}
}
@misc{wolfram,
    author   = {{Wolfram Alpha LLC}},
    title    = {{Wolfram|Alpha}},
    year     = 2009,
    url      = {\url{http://www.wolframalpha.com}},
    urldate  = {2017-07-05}
}
@article{woolf2008meaning,
  title={The meaning of translational research and why it matters},
  author={Woolf, Steven H},
  journal={Jama},
  volume={299},
  number={2},
  pages={211--213},
  year={2008},
  publisher={American Medical Association}
}
@article{wold1987principal,
  title={Principal component analysis},
  author={Wold, Svante and Esbensen, Kim and Geladi, Paul},
  journal={Chemometrics and intelligent laboratory systems},
  volume={2},
  number={1-3},
  pages={37--52},
  year={1987},
  publisher={Elsevier}
}
@article{eilam1989home,
  title={Home base behavior of rats (Rattus norvegicus) exploring a novel environment},
  author={Eilam, David and Golani, Ilan},
  journal={Behavioural brain research},
  volume={34},
  number={3},
  pages={199--211},
  year={1989},
  publisher={Elsevier}
}
